@Manual{Rcita,
    title = {R: A Language and Environment for Statistical Computing},
    author = {{R Core Team}},
    organization = {R Foundation for Statistical Computing},
    address = {Vienna, Austria},
    year = {2013},
    url = {http://www.R-project.org/},
  }
  
@Book{numrecip,
title = {Numerical Recipes},
author = {Press et al.},
publisher = {CUP},
year = {1994}
}

@Book{walljen,
title = {Practical Statistics for Astronomers},
author = {Wall and Jenkins},
publisher = {CUP},
year = {2003}
}

@Book{hinesmont,
title = {Probability and statistics in engineering and management science},
author = {Hines and Montgomery},
publisher = {J. Wiley and Sons},
year = {1990}
}

@InProceedings{khv,
author = {Ron Kohavi},
title = {A Study of Cross-Validation and Bootstrap for Accuracy Estimation and Model Selection},
booktitle = {International Joint Conference on Artificial Intelligence},
year = {1995}
}
@Article{kohavi,
author = {Ron Kohavi},
title = {A Study of Cross-Validation and Bootstrap for Accuracy Estimation and Model Selection},
journal = {International Joint Conference on Artificial Intelligence},
year = {1995}
}

@Book{islr,
title = {An Introduction to Statistical Learning with Applications in R},
author = {G. James, D. Witten, T. Hastie and R. Tibshirani},
publisher = {Springer},
year = {2013}
}
